@misc{biciElettrica,
title = {Ecco i dati ufficiali ANCMA 2017: lâ€™e-bike vola anche in Italia e segna un ulteriore +19\%},
year = {2018},
author = {Gianni Lombardo},
url = {https://www.bicitech.it}
}
@misc{material,
title = {Material Design},
year = {2019},
author = {material.io},
url = {https://material.io/design/introduction}
}